<collection xmlns="http://www.loc.gov/MARC21/slim">
<record>
  <leader>00648na 0a22001571i 450 </leader>
  <controlfield tag="001">IT\ICCU\CNCE\044972</controlfield>
  <controlfield tag="005">19990120000000.0</controlfield>
  <datafield tag="100" ind1=" " ind2=" ">
    <subfield code="a">19990120             0itac0103    ba</subfield>
  </datafield>
  <datafield tag="101" ind1=" " ind2=" ">
    <subfield code="a">LAT</subfield>
  </datafield>
  <datafield tag="200" ind1="1" ind2=" ">
    <subfield code="a">Deorum genealogiae</subfield>
  </datafield>
  <datafield tag="700" ind1=" " ind2="1">
    <subfield code="a">Boccardo,</subfield>
    <subfield code="b">Giovanni Francesco</subfield>
    <subfield code="3">IT\ICCU\CNCA\000125</subfield>
  </datafield>
  <datafield tag="790" ind1=" " ind2="0">
    <subfield code="a">Pylades</subfield>
    <subfield code="3">IT\ICCU\CNCA\002350</subfield>
    <subfield code="z">Boccardo, Giovanni Francesco</subfield>
  </datafield>
  <datafield tag="790" ind1=" " ind2="0">
    <subfield code="a">Pilade</subfield>
    <subfield code="3">IT\ICCU\CNCA\012800</subfield>
    <subfield code="z">Boccardo, Giovanni Francesco</subfield>
  </datafield>
  <datafield tag="790" ind1=" " ind2="1">
    <subfield code="a">Buccardus,</subfield>
    <subfield code="b">Joannes Franciscus</subfield>
    <subfield code="3">IT\ICCU\CNCA\012801</subfield>
    <subfield code="z">Boccardo, Giovanni Francesco</subfield>
  </datafield>
  <datafield tag="790" ind1=" " ind2="1">
    <subfield code="a">Pilade,</subfield>
    <subfield code="b">Giovanni Francesco Boccardo</subfield>
    <subfield code="3">IT\ICCU\CNCA\027218</subfield>
    <subfield code="z">Boccardo, Giovanni Francesco</subfield>
  </datafield>
  <datafield tag="801" ind1=" " ind2="3">
    <subfield code="a">IT</subfield>
    <subfield code="b">ICCU</subfield>
    <subfield code="c">20201114</subfield>
  </datafield>
</record>
</collection>
